<record><leader>00000cas a2200000 a 4500</leader><controlfield tag="001">47697463</controlfield><controlfield tag="008">010802d20012001nyumr ne      0    0eng c</controlfield><datafield ind1=" " ind2=" " tag="010"><subfield code="a">sn2001061840</subfield></datafield><datafield ind1=" " ind2=" " tag="040"><subfield code="a">NYS</subfield><subfield code="b">eng</subfield><subfield code="c">NYS</subfield><subfield code="d">OCLCQ</subfield><subfield code="d">OCLCF</subfield><subfield code="d">OCLCO</subfield></datafield><datafield ind1="1" ind2=" " tag="029"><subfield code="a">AU@</subfield><subfield code="b">000022904500</subfield></datafield><datafield ind1=" " ind2=" " tag="042"><subfield code="a">pcc</subfield></datafield><datafield ind1=" " ind2=" " tag="043"><subfield code="a">n-us-ny</subfield></datafield><datafield ind1="0" ind2=" " tag="130"><subfield code="a">Buzz (Amsterdam, N.Y.)</subfield></datafield><datafield ind1="1" ind2="0" tag="245"><subfield code="a">Buzz.</subfield></datafield><datafield ind1="1" ind2="3" tag="246"><subfield code="a">Amsterdam buzz</subfield></datafield><datafield ind1=" " ind2=" " tag="260"><subfield code="a">Amsterdam, NY :</subfield><subfield code="b">Buzzfarm Media,</subfield><subfield code="c">2001.</subfield></datafield><datafield ind1=" " ind2=" " tag="300"><subfield code="a">1 v. :</subfield><subfield code="b">ill. (some col.) ;</subfield><subfield code="c">32 cm.</subfield></datafield><datafield ind1=" " ind2=" " tag="310"><subfield code="a">Monthly</subfield></datafield><datafield ind1="0" ind2=" " tag="362"><subfield code="a">Mar. [1], 2001-</subfield></datafield><datafield ind1="1" ind2=" " tag="362"><subfield code="a">Ceased in 2001.</subfield></datafield><datafield ind1=" " ind2=" " tag="500"><subfield code="a">Owner &amp; Publisher: Stephen A. Picciocca Jr.</subfield></datafield><datafield ind1=" " ind2=" " tag="500"><subfield code="a">"The Greatest Newspaper in the World."</subfield></datafield><datafield ind1=" " ind2=" " tag="500"><subfield code="a">"The Buzz is published the first of every month."</subfield></datafield><datafield ind1=" " ind2=" " tag="500"><subfield code="a">"The Buzz distributes free up to 6,500 newspapers in the greater Amsterdam area."</subfield></datafield><datafield ind1=" " ind2=" " tag="500"><subfield code="a">"The Alternative Media Network of the Mohawk Valley, Glove Cities and Southern Adirondacks."</subfield></datafield><datafield ind1=" " ind2=" " tag="588"><subfield code="a">Latest issue consulted: Aug. [1], 2001.</subfield></datafield><datafield ind1=" " ind2="0" tag="651"><subfield code="a">Amsterdam (N.Y.)</subfield><subfield code="v">Newspapers.</subfield></datafield><datafield ind1=" " ind2="0" tag="651"><subfield code="a">Montgomery County (N.Y.)</subfield><subfield code="v">Newspapers.</subfield></datafield><datafield ind1=" " ind2="7" tag="655"><subfield code="a">Newspapers.</subfield><subfield code="2">fast</subfield><subfield code="0">(OCoLC)fst01423814</subfield></datafield><datafield ind1=" " ind2="7" tag="651"><subfield code="a">New York (State)</subfield><subfield code="z">Amsterdam.</subfield><subfield code="2">fast</subfield><subfield code="0">(OCoLC)fst01216855</subfield></datafield><datafield ind1=" " ind2="7" tag="651"><subfield code="a">New York (State)</subfield><subfield code="z">Montgomery County.</subfield><subfield code="2">fast</subfield><subfield code="0">(OCoLC)fst01208884</subfield></datafield><datafield ind1=" " ind2=" " tag="752"><subfield code="a">United States</subfield><subfield code="b">New York</subfield><subfield code="c">Montgomery</subfield><subfield code="d">Amsterdam.</subfield></datafield><datafield ind1="0" ind2="0" tag="780"><subfield code="t">Amsterdam buzz</subfield><subfield code="w">(DLC)sn 00063028</subfield><subfield code="w">(OCoLC)45295743</subfield></datafield><datafield ind1="0" ind2="0" tag="785"><subfield code="t">Buzzfarm.com</subfield><subfield code="w">(OCoLC)48797477</subfield></datafield></record>